@article{roberts1997weak,
  title={Weak convergence and optimal scaling of random walk Metropolis algorithms},
  author={Roberts, Gareth O and Gelman, Andrew and Gilks, Walter R and others},
  journal={The annals of Applied Probability},
  volume={7},
  number={1},
  pages={110--120},
  year={1997},
  publisher={Institute of Mathematical Statistics}
}

@article{roberts2004general,
  title={General state space Markov chains and MCMC algorithms},
  author={Roberts, Gareth O and Rosenthal, Jeffrey S and others},
  journal={Probability Surveys},
  volume={1},
  pages={20--71},
  year={2004}
}
